<?xml version="1.0" encoding="UTF-8"?><record xmlns="http://www.loc.gov/MARC21/slim" xmlns:cinclude="http://apache.org/cocoon/include/1.0" xmlns:zs="http://www.loc.gov/zing/srw/">
  <leader>00435nz  a2200133n  4500</leader>
  <controlfield tag="001">n  88010552 </controlfield>
  <controlfield tag="003">DLC</controlfield>
  <controlfield tag="005">19881008072506.1</controlfield>
  <controlfield tag="008">880817n| acannaab|          |a aaa |||  </controlfield>
  <datafield tag="010" ind1=" " ind2=" ">
    <subfield code="a">n  88010552 </subfield>
  </datafield>
  <datafield tag="040" ind1=" " ind2=" ">
    <subfield code="a">DLC</subfield>
    <subfield code="c">DLC</subfield>
  </datafield>
  <datafield tag="100" ind1="1" ind2="0">
    <subfield code="a">Waterhouse, J. H.</subfield>
    <subfield code="q">(Janet H.)</subfield>
  </datafield>
  <datafield tag="400" ind1="1" ind2="0">
    <subfield code="a">Waterhouse, Janet</subfield>
  </datafield>
  <datafield tag="670" ind1=" " ind2=" ">
    <subfield code="a">Prosobranch phylogeny, 1988:</subfield>
    <subfield code="b">CIP t.p. (J.H. Waterhouse, Invertebrate Div., Aust. Mus., Sydney, N.S.W., Aust.) pref. (Janet Waterhouse)</subfield>
  </datafield>
</record>